<record><leader>00000cas a22000007a 4500</leader><controlfield tag="001">9298296</controlfield><controlfield tag="008">830310d18601917iauwr ne      0   a0eng d</controlfield><datafield ind1=" " ind2=" " tag="010"><subfield code="a">sn 83025177 </subfield></datafield><datafield ind1=" " ind2=" " tag="040"><subfield code="a">NPV</subfield><subfield code="b">eng</subfield><subfield code="c">NPV</subfield><subfield code="d">NPU</subfield><subfield code="d">INP</subfield><subfield code="d">NVF</subfield><subfield code="d">OCL</subfield><subfield code="d">OCLCQ</subfield><subfield code="d">OCLCF</subfield><subfield code="d">OCLCO</subfield></datafield><datafield ind1=" " ind2=" " tag="042"><subfield code="a">msc</subfield></datafield><datafield ind1=" " ind2=" " tag="043"><subfield code="a">n-us-ia</subfield></datafield><datafield ind1=" " ind2=" " tag="045"><subfield code="a">w6x1</subfield></datafield><datafield ind1=" " ind2=" " tag="052"><subfield code="a">4153</subfield><subfield code="b">C55</subfield></datafield><datafield ind1="0" ind2="0" tag="245"><subfield code="a">New Hampton courier.</subfield></datafield><datafield ind1=" " ind2=" " tag="260"><subfield code="a">New Hampton, Chickasaw County, Iowa :</subfield><subfield code="b">Sawin &amp; Young</subfield></datafield><datafield ind1=" " ind2=" " tag="300"><subfield code="a">v. :</subfield><subfield code="b">ill. (chiefly advertisements) ;</subfield><subfield code="c">56-66 cm.</subfield></datafield><datafield ind1=" " ind2=" " tag="310"><subfield code="a">Weekly</subfield></datafield><datafield ind1="1" ind2=" " tag="362"><subfield code="a">Began Jan. 16, 1860; ceased on Nov. 8, 1917.</subfield><subfield code="z">Cf. Gregory, W. Amer. newspapers.</subfield></datafield><datafield ind1=" " ind2=" " tag="500"><subfield code="a">Publisher varies.</subfield></datafield><datafield ind1=" " ind2=" " tag="588"><subfield code="a">Description based on: Vol. 2, no. 49 (Jan. 27, 1862).</subfield></datafield><datafield ind1=" " ind2="0" tag="651"><subfield code="a">New Hampton (Iowa)</subfield><subfield code="v">Newspapers.</subfield></datafield><datafield ind1=" " ind2="7" tag="655"><subfield code="a">Newspapers.</subfield><subfield code="2">fast</subfield><subfield code="0">(OCoLC)fst01423814</subfield></datafield><datafield ind1=" " ind2="7" tag="651"><subfield code="a">Iowa</subfield><subfield code="z">New Hampton.</subfield><subfield code="2">fast</subfield><subfield code="0">(OCoLC)fst01228831</subfield></datafield><datafield ind1=" " ind2=" " tag="752"><subfield code="a">United States</subfield><subfield code="b">Iowa</subfield><subfield code="c">Chickasaw</subfield><subfield code="d">New Hampton.</subfield></datafield><datafield ind1="0" ind2="4" tag="785"><subfield code="t">New Hampton tribune (New Hampton, Iowa : 1876)</subfield><subfield code="w">(DLC)sn 87058090</subfield></datafield></record>